%my bibliography 

%articles, Journals
%total=20

@article{papanastasiou,
author = {Papanastasiou, Yiangos},
year = {2020},
month = {01},
pages = {},
title = {Fake News Propagation and Detection: A Sequential Model},
volume = {66},
journal = {Management Science},
doi = {10.1287/mnsc.2019.3295}
}

@article{VirusWithProfiles,
author = {Rapti, Angeliki},
year = {2019},
month = {08},
pages = {30},
title = {Virus propagation: threshold conditions for multiple profile networks},
volume = {60},
journal = {Knowledge and Information Systems},
doi = {0.1007/s10115-018-1274-y}
}

@article {TrueFalseNewsOnline,
	author = {Vosoughi, Soroush and Roy, Deb and Aral, Sinan},
	title = {The spread of true and false news online},
	volume = {359},
	number = {6380},
	pages = {1146--1151},
	year = {2018},
	doi = {10.1126/science.aap9559},
	publisher = {American Association for the Advancement of Science},
	issn = {0036-8075},
	URL = {https://science.sciencemag.org/content/359/6380/1146},
	eprint = {https://science.sciencemag.org/content/359/6380/1146.full.pdf},
	journal = {Science}
}

@article{sharma2019combating,
      title={Combating Fake News: A Survey on Identification and Mitigation Techniques}, 
      author={Karishma Sharma and Feng Qian and He Jiang and Natali Ruchansky and Ming Zhang and Yan Liu},
      year={2019},
      eprint={1901.06437},
      archivePrefix={arXiv},
      primaryClass={cs.LG}
}

@article{Zubiaga_2018,
   title={Detection and Resolution of Rumours in Social Media},
   volume={51},
   ISSN={1557-7341},
   url={http://dx.doi.org/10.1145/3161603},
   DOI={10.1145/3161603},
   number={2},
   journal={ACM Computing Surveys},
   publisher={Association for Computing Machinery (ACM)},
   author={Zubiaga, Arkaitz and Aker, Ahmet and Bontcheva, Kalina and Liakata, Maria and Procter, Rob},
   year={2018},
   month={Jun},
   pages={1–36}
}

@conference{webist18,
author={Alvaro Figueira. and Nuno Guimaraes. and Luis Torgo.},
title={Current State of the Art to Detect Fake News in Social Media: Global Trendings and Next Challenges},
booktitle={Proceedings of the 14th International Conference on Web Information Systems and Technologies - WEBIST,},
year={2018},
pages={332-339},
publisher={SciTePress},
organization={INSTICC},
doi={10.5220/0007188503320339},
isbn={978-989-758-324-7},
issn={2184-3252},
}


@inproceedings{ViralTweets,
author = {Jenders, Maximilian and Kasneci, Gjergji and Naumann, Felix},
title = {Analyzing and Predicting Viral Tweets},
year = {2013},
isbn = {9781450320382},
publisher = {Association for Computing Machinery},
address = {New York, NY, USA},
url = {https://doi.org/10.1145/2487788.2488017},
doi = {10.1145/2487788.2488017},
booktitle = {Proceedings of the 22nd International Conference on World Wide Web},
pages = {657–664},
numpages = {8},
keywords = {tweet, retweet, model, twitter, analysis, spread, prediction, microblog},
location = {Rio de Janeiro, Brazil},
series = {WWW '13 Companion}
}

@article{SIHR_probGeneratingFunct,
   title={Rumor Spreading of an SIHR Model in Heterogeneous Networks Based on Probability Generating Function},
   ISSN={1557-7341},
   url={https://doi.org/10.1155/2019/4268393},
   DOI={10.1155/2019/4268393},
   journal={Complexity},
   publisher={Hindawi},
   author={Li Jinxian, Hu Yanping, Jin Zhen, De Lellis Pietro },
   year={2019},
   month={06},
   pages={1076-2787}
}

@inproceedings{SEIZ,
author = {Jin, Fang and Dougherty, Edward and Saraf, Parang and Cao, Yang and Ramakrishnan, Naren},
title = {Epidemiological Modeling of News and Rumors on Twitter},
year = {2013},
isbn = {9781450323307},
publisher = {Association for Computing Machinery},
address = {New York, NY, USA},
url = {https://doi.org/10.1145/2501025.2501027},
doi = {10.1145/2501025.2501027},
booktitle = {Proceedings of the 7th Workshop on Social Network Mining and Analysis},
articleno = {8},
numpages = {9},
keywords = {rumor detection, SIS, SEIZ, epidemiological modeling},
location = {Chicago, Illinois},
series = {SNAKDD '13}
}

@article{EpidemicMeanField,
   title={Theory of rumour spreading in complex social networks},
   volume={374},
   ISSN={0378-4371},
   url={http://dx.doi.org/10.1016/j.physa.2006.07.017},
   DOI={10.1016/j.physa.2006.07.017},
   number={1},
   journal={Physica A: Statistical Mechanics and its Applications},
   publisher={Elsevier BV},
   author={Nekovee, M. and Moreno, Y. and Bianconi, G. and Marsili, M.},
   year={2007},
   month={Jan},
   pages={457–470}
}
  
@inproceedings{TardosThresholdModel,
author = {Kempe, David and Kleinberg, Jon and Tardos, \'{E}va},
title = {Maximizing the Spread of Influence through a Social Network},
year = {2003},
isbn = {1581137370},
publisher = {Association for Computing Machinery},
address = {New York, NY, USA},
url = {https://doi.org/10.1145/956750.956769},
doi = {10.1145/956750.956769},
booktitle = {Proceedings of the Ninth ACM SIGKDD International Conference on Knowledge Discovery and Data Mining},
pages = {137–146},
numpages = {10},
keywords = {viral marketing, approximation algorithms, diffusion of innovations, social networks},
location = {Washington, D.C.},
series = {KDD '03}
}

  
﻿@Article{FAKEnewsCovidERA,
author={Hartley, Kris
and Vu, Minh Khuong},
title={Fighting fake news in the COVID-19 era: policy insights from an equilibrium model},
journal={Policy Sciences},
year={2020},
month={Dec},
day={01},
volume={53},
number={4},
pages={735-758},
issn={1573-0891},
doi={10.1007/s11077-020-09405-z},
url={https://doi.org/10.1007/s11077-020-09405-z}
}


@inbook{LinearThreshIndepCascade,
author = {Shakarian, Paulo and Bhatnagar, Abhinav and Aleali, Ashkan and Shaabani, Elham and Guo, Ruocheng},
year = {2015},
month = {01},
pages = {35-48},
title = {The Independent Cascade and Linear Threshold Models},
isbn = {978-3-319-23104-4},
doi = {10.1007/978-3-319-23105-1_4}
}

@article{MatsubaraNonLinearEpidemics,
author = {Matsubara, Yasuko and Sakurai, Yasushi and Prakash, B. Aditya and Li, Lei and Faloutsos, Christos},
title = {Nonlinear Dynamics of Information Diffusion in Social Networks},
year = {2017},
issue_date = {May 2017},
publisher = {Association for Computing Machinery},
address = {New York, NY, USA},
volume = {11},
number = {2},
issn = {1559-1131},
url = {https://doi.org/10.1145/3057741},
doi = {10.1145/3057741},
journal = {ACM Trans. Web},
month = apr,
articleno = {11},
numpages = {40},
keywords = {nonlinear modeling, Information diffusion, social networks}
}

  
@article{TemporalPAtterns,
author = {Shin, Jieun and Jian, Lian and Driscoll, Kevin and Bar, François},
year = {2018},
month = {02},
pages = {},
title = {The diffusion of misinformation on social media: Temporal pattern, message, and source},
volume = {83},
journal = {Computers in Human Behavior},
doi = {10.1016/j.chb.2018.02.008}
}


@article{NetworkTopologyEpidemics,
author = {Linhe Zhu and Hongyong Zhao},
title = {Dynamical behaviours and control measures of rumour-spreading model with consideration of network topology},
journal = {International Journal of Systems Science},
volume = {48},
number = {10},
pages = {2064-2078},
year  = {2017},
publisher = {Taylor & Francis},
doi = {10.1080/00207721.2017.1312628},
URL = {https://doi.org/10.1080/00207721.2017.1312628},
eprint = { https://doi.org/10.1080/00207721.2017.1312628}
}



@article{CascadesInCompNets,
  title={Information cascades in complex networks},
  author={M. Jalili and M. Perc},
  journal={J. Complex Networks},
  year={2017},
  volume={5},
  pages={665-693}
}


@article{SimpleSIHR,
title = {SIHR rumor spreading model in social networks},
journal = {Physica A: Statistical Mechanics and its Applications},
volume = {391},
number = {7},
pages = {2444-2453},
year = {2012},
issn = {0378-4371},
doi = {https://doi.org/10.1016/j.physa.2011.12.008},
url = {https://www.sciencedirect.com/science/article/pii/S0378437111009058},
author = {Laijun Zhao and Jiajia Wang and Yucheng Chen and Qin Wang and Jingjing Cheng and Hongxin Cui},
keywords = {Rumor spreading, SIR model, Homogeneous network, Forgetting mechanism, Remembering mechanism}
}

@article{ImpliedTEpennycock,
author = {Pennycook, Gordon and Bear, Adam and Collins, Evan},
year = {2019},
month = {08},
pages = {},
title = {The Implied Truth Effect: Attaching Warnings to a Subset of Fake News Headlines Increases Perceived Accuracy of Headlines Without Warnings},
journal = {Management Science},
doi = {10.1287/mnsc.2019.3478}
}

@article{ContentEngagementKimon,
author = {Candogan, Ozan and Drakopoulos, Kimon},
year = {2020},
month = {03},
pages = {},
title = {Optimal Signaling of Content Accuracy: Engagement vs. Misinformation},
journal = {Operations Research},
doi = {10.1287/opre.2019.1897}
}

%books
%total=4

@book{koller2009probabilistic,
  author = {Koller, D. and Friedman, N.},
  description = {Probabilistic Graphical Models: Principles and Techniques - Daphne Koller, Nir Friedman - Google Books},
  keywords = {2009 graph-theory machine-learning mit probability},
  publisher = {MIT Press},
  series = {Adaptive computation and machine learning},
  title = {Probabilistic Graphical Models: Principles and Techniques},
  url = {https://books.google.co.in/books?id=7dzpHCHzNQ4C},
  year = {2009}
}

@book{Kleinberg,
author = {Easley, D. and Kleinberg, J.},
title = {Networks, Crowds, and Markets: Reasoning About a Highly Connected World},
year = {2010},
isbn = {0521195330},
publisher = {Cambridge University Press},
address = {USA}
}

@inproceedings{Nisan2007AlgorithmicGT,
  title={Algorithmic Game Theory},
  author={N. Nisan and T. Roughgarden and {\'E}. Tardos and V. Vazirani},
  year={2007}
}

@book{nisan_roughgarden_tardos_vazirani_2007,
author={N. Nisan and T. Roughgarden and {\'E}. Tardos and V. Vazirani},
place={Cambridge},
title={Algorithmic Game Theory},
DOI={10.1017/CBO9780511800481},
publisher={Cambridge University Press},
year={2007}
}
    
    
 @book{IntroProbability,
author = {Blitzstein, Joseph and Hwang, Jessica},
year = {2014},
month = {07},
pages = {1-571},
title = {Introduction to Probability},
isbn = {9780429102103},
journal = {Introduction to Probability},
doi = {10.1201/b17221}
}



